%%%%%%%%%%%%%%%%%%%%%%%%%%%%%%%%Introducción

%%%%Variación de CO2 glacial-interglacial

@article{petit1990palaeoclimatological,
  title={Palaeoclimatological and chronological implications of the Vostok core dust record},
  author={Petit, Jean-Robert and Mourner, L and Jouzel, J and Korotkevich, Ye S and Kotlyakov, VI and Lorius, Cl},
  journal={Nature},
  volume={343},
  number={6253},
  pages={56--58},
  year={1990},
  publisher={Nature Publishing Group}
}

@article{siegenthaler2005stable,
  title={Stable carbon cycle climate relationship during the Late Pleistocene},
  author={Siegenthaler, Urs and Stocker, Thomas F and Monnin, Eric and Luthi, Dieter and Schwander, Jakob and Stauffer, Bernhard and Raynaud, Dominique and Barnola, Jean-Marc and Fischer, Hubertus and Masson-Delmotte, Val{\'e}rie and others},
  journal={Science},
  volume={310},
  number={5752},
  pages={1313--1317},
  year={2005},
  publisher={American Association for the Advancement of Science}
}

@article{luthi2008high,
  title={High-resolution carbon dioxide concentration record 650,000--800,000 years before present},
  author={L{\"u}thi, Dieter and Le Floch, Martine and Bereiter, Bernhard and Blunier, Thomas and Barnola, Jean-Marc and Siegenthaler, Urs and Raynaud, Dominique and Jouzel, Jean and Fischer, Hubertus and Kawamura, Kenji and others},
  journal={nature},
  volume={453},
  number={7193},
  pages={379--382},
  year={2008},
  publisher={Nature Publishing Group}
}
%%%%%%%%%%%%%%%%%%%%%%%%%%%%%%%%%%%%%%%%%%%%%%%%%%%

@book{IPCCSixthReport,
   author = {IPCC},
   title = {Climate Change 2021: The Physical Science Basis. Contribution of Working Group I to the Sixth Assessment Report of the Intergovernmental Panel on Climate Change},
   publisher = {Cambridge University Press},
   address = {Cambridge, United Kingdom and New York, NY, USA},
   pages = {3949},
   url = {www.climatechange2021.orghttps://www.ipcc.ch/report/sixth-assessment-report-working-group-i/},
   year = {2021},
   type = {Book}
}

%%%%%%%%%%%%%%%%%%%%%%%%%%%%%%%%%%%%%%%%%%%%%%%%%%%%%
$"ocean store fifty times more than the atmosphere and almost twenty times more than the terrestrial biosphere"

@article{broecker1980modeling,
  title={Modeling the carbon system},
  author={Broecker, Wallace S and Peng, Tsung-Hung and Engh, Richard},
  journal={Radiocarbon},
  volume={22},
  number={3},
  pages={565--598},
  year={1980},
  publisher={Cambridge University Press}
}

@article{zeebe2012history,
  title={History of seawater carbonate chemistry, atmospheric CO2, and ocean acidification},
  author={Zeebe, Richard E},
  journal={Annual review of earth and planetary sciences},
  volume={40},
  pages={141--165},
  year={2012},
  publisher={Annual Reviews}
}

%%%%%%%%%%%%%%%%%%%%%%%%%%%%%%%%%%%%%%%%%%%%%%%%%%%%%%

@article{stephens2000influence,
  title={The influence of Antarctic sea ice on glacial--interglacial CO2 variations},
  author={Stephens, Britton B and Keeling, Ralph F},
  journal={Nature},
  volume={404},
  number={6774},
  pages={171--174},
  year={2000},
  publisher={Nature Publishing Group}
}

@article{francois1997contribution,
  title={Contribution of Southern Ocean surface-water stratification to low atmospheric CO2 concentrations during the last glacial period},
  author={Francois, Roger and Altabet, Mark A and Yu, Ein-Fen and Sigman, Daniel M and Bacon, Michael P and Frank, Martin and Bohrmann, Gerhard and Bareille, Gilles and Labeyrie, Laurent D},
  journal={Nature},
  volume={389},
  number={6654},
  pages={929--935},
  year={1997},
  publisher={Nature Publishing Group}
}

@article{odalen2020variable,
  title={Variable C/ P composition of organic production and its effect on ocean carbon storage in glacial-like model simulations},
  author={{\"O}dalen, Malin and Nycander, Jonas and Ridgwell, Andy and Oliver, Kevin IC and Peterson, Carlye D and Nilsson, Johan},
  journal={Biogeosciences},
  volume={17},
  number={8},
  pages={2219--2244},
  year={2020},
  publisher={Copernicus GmbH}
}

@article{sigman2010polar,
  title={The polar ocean and glacial cycles in atmospheric CO2 concentration},
  author={Sigman, Daniel M and Hain, Mathis P and Haug, Gerald H},
  journal={Nature},
  volume={466},
  number={7302},
  pages={47--55},
  year={2010},
  publisher={Nature Publishing Group}
}

@article{hain2014distinct,
  title={Distinct roles of the Southern Ocean and North Atlantic in the deglacial atmospheric radiocarbon decline},
  author={Hain, Mathis P and Sigman, Daniel M and Haug, Gerald H},
  journal={Earth and Planetary Science Letters},
  volume={394},
  pages={198--208},
  year={2014},
  publisher={Elsevier}
}

@article{yamamoto2018long,
  title={Long-term response of oceanic carbon uptake to global warming via physical and biological pumps},
  author={Yamamoto, Akitomo and Abe-Ouchi, Ayako and Yamanaka, Yasuhiro},
  journal={Biogeosciences},
  volume={15},
  number={13},
  pages={4163--4180},
  year={2018},
  publisher={Copernicus GmbH}
}

@article{gran1931conditions,
  title={On the conditions for the production of plankton in the sea.},
  author={Gran, Haakon Hasberg and others},
  journal={Conseil Perm. Internat. pour I'Explor. de la Mer. Rapp. et Proces-Verb.},
  volume={75},
  pages={37--46},
  year={1931}
}

@article{martin1990glacial,
  title={Glacial-interglacial CO2 change: The iron hypothesis},
  author={Martin, John H},
  journal={Paleoceanography},
  volume={5},
  number={1},
  pages={1--13},
  year={1990},
  publisher={Wiley Online Library}
}

@article{archer2000caused,
  title={What caused the glacial/interglacial atmospheric pCO2 cycles?},
  author={Archer, David and Winguth, Arne and Lea, David and Mahowald, Natalie},
  journal={Reviews of Geophysics},
  volume={38},
  number={2},
  pages={159--189},
  year={2000},
  publisher={Wiley Online Library}
}

@article{jaccard2012large,
  title={Large climate-driven changes of oceanic oxygen concentrations during the last deglaciation},
  author={Jaccard, Samuel L and Galbraith, Eric D},
  journal={Nature Geoscience},
  volume={5},
  number={2},
  pages={151--156},
  year={2012},
  publisher={Nature Publishing Group}
}

@article{kohfeld2005role,
  title={Role of marine biology in glacial-interglacial CO2 cycles},
  author={Kohfeld, Karen E and Qu\'er\'e, Corinne Le and Harrison, Sandy P and Anderson, Robert F},
  journal={Science},
  volume={308},
  number={5718},
  pages={74--78},
  year={2005},
  publisher={American Association for the Advancement of Science}
}

@article{jaccard2013two,
  title={Two modes of change in Southern Ocean productivity over the past million years},
  author={Jaccard, Samuel L and Hayes, Christopher T and Martinez-Garcia, Alfredo and Hodell, David A and Anderson, Robert F and Sigman, Daniel M and Haug, GH},
  journal={Science},
  volume={339},
  number={6126},
  pages={1419--1423},
  year={2013},
  publisher={American Association for the Advancement of Science}
}

@article{kuma1996controls,
  title={Controls on iron (III) hydroxide solubility in seawater: the influence of pH and natural organic chelators},
  author={Kuma, Kenshi and Nishioka, Jun and Matsunaga, Katsuhiko},
  journal={Limnology and Oceanography},
  volume={41},
  number={3},
  pages={396--407},
  year={1996},
  publisher={Wiley Online Library}
}

@article{nakabayashi2002variation,
  title={Variation in iron (III) solubility and iron concentration in the northwestern North Pacific Ocean},
  author={Nakabayashi, Shigeto and Kuma, Kenshi and Sasaoka, Kohsei and Saitoh, Seiichi and Mochizuki, Mamiko and Shiga, Naonobu and Kusakabe, Masashi},
  journal={Limnology and oceanography},
  volume={47},
  number={3},
  pages={885--892},
  year={2002},
  publisher={Wiley Online Library}
}

@article{tani2003iron,
  title={Iron (III) hydroxide solubility and humic-type fluorescent organic matter in the deep water column of the Okhotsk Sea and the northwestern North Pacific Ocean},
  author={Tani, Heihachiro and Nishioka, Jun and Kuma, Kenshi and Takata, Hyoe and Yamashita, Youhei and Tanoue, Eiichiro and Midorikawa, Takashi},
  journal={Deep Sea Research Part I: Oceanographic Research Papers},
  volume={50},
  number={9},
  pages={1063--1078},
  year={2003},
  publisher={Elsevier}
}

@article{jickells2005global,
  title={Global iron connections between desert dust, ocean biogeochemistry, and climate},
  author={Jickells, TD and An, ZS and Andersen, Katrine K and Baker, AR and Bergametti, G and Brooks, Nick and Cao, JJ and Boyd, PW and Duce, RA and Hunter, KA and others},
  journal={science},
  volume={308},
  number={5718},
  pages={67--71},
  year={2005},
  publisher={American Association for the Advancement of Science}
}

@article{martinez2014iron,
  title={Iron fertilization of the Subantarctic Ocean during the last ice age},
  author={Mart{\'\i}nez-Garc{\'\i}a, Alfredo and Sigman, Daniel M and Ren, Haojia and Anderson, Robert F and Straub, Marietta and Hodell, David A and Jaccard, Samuel L and Eglinton, Timothy I and Haug, Gerald H},
  journal={Science},
  volume={343},
  number={6177},
  pages={1347--1350},
  year={2014},
  publisher={American Association for the Advancement of Science}
}

@article{falkowski1998biogeochemical,
  title={Biogeochemical controls and feedbacks on ocean primary production},
  author={Falkowski, Paul G and Barber, Richard T and Smetacek, Victor},
  journal={science},
  volume={281},
  number={5374},
  pages={200--206},
  year={1998},
  publisher={American Association for the Advancement of Science}
}

@article{morel2003biogeochemical,
  title={The biogeochemical cycles of trace metals in the oceans},
  author={Morel, Fran{\c{c}}ois MM and Price, NM},
  journal={Science},
  volume={300},
  number={5621},
  pages={944--947},
  year={2003},
  publisher={American Association for the Advancement of Science}
}

@article{kustka2003revised,
  title={A revised estimate of the iron use efficiency of nitrogen fixation, with special reference to the marine cyanobacterium Trichodesmium spp.(Cyanophyta) 1},
  author={Kustka, Adam and Sa{\~n}udo-Wilhelmy, Sergio and Carpenter, Edward J and Capone, Douglas G and Raven, John A},
  journal={Journal of Phycology},
  volume={39},
  number={1},
  pages={12--25},
  year={2003},
  publisher={Wiley Online Library}
}

@article{coale1996massive,
  title={A massive phytoplankton bloom induced by an ecosystem-scale iron fertilization experiment in the equatorial Pacific Ocean},
  author={Coale, Kenneth H and Johnson, Kenneth S and Fitzwater, Steve E and Gordon, R Michael and Tanner, Sara and Chavez, Francisco P and Ferioli, Laurie and Sakamoto, Carole and Rogers, Paul and Millero, Frank and others},
  journal={Nature},
  volume={383},
  number={6600},
  pages={495--501},
  year={1996},
  publisher={Nature Publishing Group}
}

@article{boyd2000mesoscale,
  title={A mesoscale phytoplankton bloom in the polar Southern Ocean stimulated by iron fertilization},
  author={Boyd, Philip W and Watson, Andrew J and Law, Cliff S and Abraham, Edward R and Trull, Thomas and Murdoch, Rob and Bakker, Dorothee CE and Bowie, Andrew R and Buesseler, KO and Chang, Hoe and others},
  journal={Nature},
  volume={407},
  number={6805},
  pages={695--702},
  year={2000},
  publisher={Nature Publishing Group}
}

@article{boyd2004decline,
  title={The decline and fate of an iron-induced subarctic phytoplankton bloom},
  author={Boyd, Philip W and Law, Cliff S and Wong, CS and Nojiri, Yukihiro and Tsuda, Atsushi and Levasseur, Maurice and Takeda, Shigenobu and Rivkin, Richard and Harrison, Paul J and Strzepek, Robert and others},
  journal={Nature},
  volume={428},
  number={6982},
  pages={549--553},
  year={2004},
  publisher={Nature Publishing Group}
}

@article{boyd2007mesoscale,
  title={Mesoscale iron enrichment experiments 1993-2005: synthesis and future directions},
  author={Boyd, Philip W and Jickells, Timothy and Law, CS and Blain, S and Boyle, EA and Buesseler, KO and Coale, KH and Cullen, JJ and De Baar, Hein JW and Follows, M and others},
  journal={science},
  volume={315},
  number={5812},
  pages={612--617},
  year={2007},
  publisher={American Association for the Advancement of Science}
}

@article{ducklow2003role,
  title={The role of iron as a limiting nutrient for marine plankton processes},
  author={Ducklow, Hugh W and Oliver, Jacques L and Smith, WO},
  journal={SCOPE-SCIENTIFIC COMMITTEE ON PROBLEMS OF THE ENVIRONMENT INTERNATIONAL COUNCIL OF SCIENTIFIC UNIONS},
  volume={61},
  pages={295--310},
  year={2003}
}

@article{tagliabue2016well,
  title={How well do global ocean biogeochemistry models simulate dissolved iron distributions?},
  author={Tagliabue, Alessandro and Aumont, Olivier and DeAth, Ros and Dunne, John P and Dutkiewicz, Stephanie and Galbraith, Eric and Misumi, Kazuhiro and Moore, J Keith and Ridgwell, Andy and Sherman, Elliot and others},
  journal={Global Biogeochemical Cycles},
  volume={30},
  number={2},
  pages={149--174},
  year={2016},
  publisher={Wiley Online Library}
}

@article{tagliabue2017integral,
  title={The integral role of iron in ocean biogeochemistry},
  author={Tagliabue, Alessandro and Bowie, Andrew R and Boyd, Philip W and Buck, Kristen N and Johnson, Kenneth S and Saito, Mak A},
  journal={Nature},
  volume={543},
  number={7643},
  pages={51--59},
  year={2017},
  publisher={Nature Publishing Group}
}

@article{prospero2003african,
  title={African droughts and dust transport to the Caribbean: Climate change implications},
  author={Prospero, Joseph M and Lamb, Peter J},
  journal={Science},
  volume={302},
  number={5647},
  pages={1024--1027},
  year={2003},
  publisher={American Association for the Advancement of Science}
}

@article{prospero2002environmental,
  title={Environmental characterization of global sources of atmospheric soil dust identified with the Nimbus 7 Total Ozone Mapping Spectrometer (TOMS) absorbing aerosol product},
  author={Prospero, Joseph M and Ginoux, Paul and Torres, Omar and Nicholson, Sharon E and Gill, Thomas E},
  journal={Reviews of geophysics},
  volume={40},
  number={1},
  pages={2--1},
  year={2002},
  publisher={Wiley Online Library}
}

@article{mahowald2005atmospheric,
  title={Atmospheric global dust cycle and iron inputs to the ocean},
  author={Mahowald, Natalie M and Baker, Alex R and Bergametti, Gilles and Brooks, Nick and Duce, Robert A and Jickells, Timothy D and Kubilay, Nilg{\"u}n and Prospero, Joseph M and Tegen, Ina},
  journal={Global biogeochemical cycles},
  volume={19},
  number={4},
  year={2005},
  publisher={Wiley Online Library}
}

@article{buseck2008nanoparticles,
  title={Nanoparticles in the atmosphere},
  author={Buseck, Peter R and Adachi, Kouji},
  journal={Elements},
  volume={4},
  number={6},
  pages={389--394},
  year={2008},
  publisher={GeoScienceWorld}
}

@inproceedings{hand2003estimates,
  title={Estimates of soluble iron from observations and a global mineral aerosol model},
  author={Hand, JL and Mahowald, NM and Chen, Y and Siefert, RL and Luo, C},
  booktitle={AGU Fall Meeting Abstracts},
  volume={2003},
  pages={B21F--0769},
  year={2003}
}

@article{mahowald2005atmospheric,
  title={Atmospheric global dust cycle and iron inputs to the ocean},
  author={Mahowald, Natalie M and Baker, Alex R and Bergametti, Gilles and Brooks, Nick and Duce, Robert A and Jickells, Timothy D and Kubilay, Nilg{\"u}n and Prospero, Joseph M and Tegen, Ina},
  journal={Global biogeochemical cycles},
  volume={19},
  number={4},
  year={2005},
  publisher={Wiley Online Library}
}

@article{steffensen1997size,
  title={The size distribution of microparticles from selected segments of the Greenland Ice Core Project ice core representing different climatic periods},
  author={Steffensen, J{\o}rgen Peder},
  journal={Journal of Geophysical Research: Oceans},
  volume={102},
  number={C12},
  pages={26755--26763},
  year={1997},
  publisher={Wiley Online Library}
}

@article{lambert2015dust,
  title={Dust fluxes and iron fertilization in Holocene and Last Glacial Maximum climates},
  author={Lambert, Fabrice and Tagliabue, Alessandro and Shaffer, Gary and Lamy, Frank and Winckler, Gisela and Farias, Laura and Gallardo, Laura and De Pol-Holz, Ricardo},
  journal={Geophysical Research Letters},
  volume={42},
  number={14},
  pages={6014--6023},
  year={2015},
  publisher={Wiley Online Library}
}

@article{lambert2008dust,
  title={Dust-climate couplings over the past 800,000 years from the EPICA Dome C ice core},
  author={Lambert, Fabrice and Delmonte, Barbara and Petit, Jean-Robert and Bigler, Matthias and Kaufmann, Patrick R and Hutterli, Manuel A and Stocker, Thomas F and Ruth, Urs and Steffensen, J{\o}rgen Peder and Maggi, Valter},
  journal={Nature},
  volume={452},
  number={7187},
  pages={616--619},
  year={2008},
  publisher={Nature Publishing Group}
}

@article{mahowald1999dust,
  title={Dust sources and deposition during the last glacial maximum and current climate: A comparison of model results with paleodata from ice cores and marine sediments},
  author={Mahowald, Natalie and Kohfeld, Karen and Hansson, Margaret and Balkanski, Yves and Harrison, Sandy P and Prentice, I Colin and Schulz, Michael and Rodhe, Henning},
  journal={Journal of Geophysical Research: Atmospheres},
  volume={104},
  number={D13},
  pages={15895--15916},
  year={1999},
  publisher={Wiley Online Library}
}

@article{ohgaito2018effect,
  title={Effect of high dust amount on surface temperature during the Last Glacial Maximum: a modelling study using MIROC-ESM},
  author={Ohgaito, Rumi and Abe-Ouchi, Ayako and O'ishi, Ryouta and Takemura, Toshihiko and Ito, Akinori and Hajima, Tomohiro and Watanabe, Shingo and Kawamiya, Michio},
  journal={Climate of the Past},
  volume={14},
  number={11},
  pages={1565--1581},
  year={2018},
  publisher={Copernicus GmbH}
}

@article{reader1999mineral,
  title={The mineral dust aerosol cycle during the Last Glacial Maximum},
  author={Reader, MC and Fung, I and McFarlane, N},
  journal={Journal of Geophysical Research: Atmospheres},
  volume={104},
  number={D8},
  pages={9381--9398},
  year={1999},
  publisher={Wiley Online Library}
}

@article{lunt2002dust,
  title={Dust deposition and provenance at the Last Glacial Maximum and present day},
  author={Lunt, DJ and Valdes, PJ},
  journal={Geophysical research letters},
  volume={29},
  number={22},
  pages={42--1},
  year={2002},
  publisher={Wiley Online Library}
}

@article{marcotte2020mineral,
  title={Mineral dust and iron solubility: Effects of composition, particle size, and surface area},
  author={Marcotte, Aurelie R and Anbar, Ariel D and Majestic, Brian J and Herckes, Pierre},
  journal={Atmosphere},
  volume={11},
  number={5},
  pages={533},
  year={2020},
  publisher={Multidisciplinary Digital Publishing Institute}
}

@article{gao2003aeolian,
  title={Aeolian iron input to the ocean through precipitation scavenging: A modeling perspective and its implication for natural iron fertilization in the ocean},
  author={Gao, Yuan and Fan, Song-Miao and Sarmiento, Jorge L},
  journal={Journal of Geophysical Research: Atmospheres},
  volume={108},
  number={D7},
  year={2003},
  publisher={Wiley Online Library}
}

@article{journet2008mineralogy,
  title={Mineralogy as a critical factor of dust iron solubility},
  author={Journet, Emilie and Desboeufs, Karine V and Caquineau, Sandrine and Colin, Jean-Louis},
  journal={Geophysical Research Letters},
  volume={35},
  number={7},
  year={2008},
  publisher={Wiley Online Library}
}

@article{jickells2001atmospheric,
  title={Atmospheric iron inputs to the oceans},
  author={Jickells, TIMOTHY D and Spokes, LUCINDA J},
  year={2001},
  publisher={Wiley}
}

@article{archer2000model,
  title={A model of the iron cycle in the ocean},
  author={Archer, DE and Johnson, K},
  journal={Global Biogeochemical Cycles},
  volume={14},
  number={1},
  pages={269--279},
  year={2000},
  publisher={Wiley Online Library}
}

@article{bopp2003dust,
  title={Dust impact on marine biota and atmospheric CO2 during glacial periods},
  author={Bopp, Laurent and Kohfeld, Karen E and Le Qu{\'e}r{\'e}, Corinne and Aumont, Olivier},
  journal={Paleoceanography},
  volume={18},
  number={2},
  year={2003},
  publisher={Wiley Online Library}
}

@article{luo2005estimation,
  title={Estimation of iron solubility from observations and a global aerosol model},
  author={Luo, Chao and Mahowald, NM and Meskhidze, N and Chen, Y and Siefert, RL and Baker, AR and Johansen, Anne M},
  journal={Journal of Geophysical Research: Atmospheres},
  volume={110},
  number={D23},
  year={2005},
  publisher={Wiley Online Library}
}

@article{sholkovitz2012fractional,
  title={Fractional solubility of aerosol iron: Synthesis of a global-scale data set},
  author={Sholkovitz, Edward R and Sedwick, Peter N and Church, Thomas M and Baker, Alexander R and Powell, Claire F},
  journal={Geochimica et cosmochimica acta},
  volume={89},
  pages={173--189},
  year={2012},
  publisher={Elsevier}
}

@article{cwiertny2008characterization,
  title={Characterization and acid-mobilization study of iron-containing mineral dust source materials},
  author={Cwiertny, David M and Baltrusaitis, Jonas and Hunter, Gordon J and Laskin, Alexander and Scherer, Michelle M and Grassian, Vicki H},
  journal={Journal of Geophysical Research: Atmospheres},
  volume={113},
  number={D5},
  year={2008},
  publisher={Wiley Online Library}
}

@article{fu2010photoreductive,
  title={Photoreductive dissolution of Fe-containing mineral dust particles in acidic media},
  author={Fu, Hongbo and Cwiertny, David M and Carmichael, Gregory R and Scherer, Michelle M and Grassian, Vicki H},
  journal={Journal of Geophysical Research: Atmospheres},
  volume={115},
  number={D11},
  year={2010},
  publisher={Wiley Online Library}
}

@article{salazar2020water,
  title={Water-soluble iron emitted from vehicle exhaust is linked to primary speciated organic compounds},
  author={Salazar, Joseph R and Cartledge, Benton T and Haynes, John P and York-Marini, Rachel and Robinson, Allen L and Drozd, Greg T and Goldstein, Allen H and Fakra, Sirine C and Majestic, Brian J},
  journal={Atmospheric Chemistry and Physics},
  volume={20},
  number={3},
  pages={1849--1860},
  year={2020},
  publisher={Copernicus GmbH}
}

@article{sunda2003effect,
  title={Effect of pH, light, and temperature on Fe--EDTA chelation and Fe hydrolysis in seawater},
  author={Sunda, William and Huntsman, Susan},
  journal={Marine Chemistry},
  volume={84},
  number={1-2},
  pages={35--47},
  year={2003},
  publisher={Elsevier}
}

@article{myriokefalitakis2015changes,
  title={Changes in dissolved iron deposition to the oceans driven by human activity: a 3-D global modelling study},
  author={Myriokefalitakis, Stelios and Daskalakis, Nikos and Mihalopoulos, Nikos and Baker, AR and Nenes, Athanasios and Kanakidou, Maria},
  journal={Biogeosciences},
  volume={12},
  number={13},
  pages={3973--3992},
  year={2015},
  publisher={Copernicus GmbH}
}

@article{baker2010atmospheric,
  title={Atmospheric and marine controls on aerosol iron solubility in seawater},
  author={Baker, Alexander R and Croot, Peter L},
  journal={Marine Chemistry},
  volume={120},
  number={1-4},
  pages={4--13},
  year={2010},
  publisher={Elsevier}
}

@article{barbeau2001photochemical,
  title={Photochemical cycling of iron in the surface ocean mediated by microbial iron (III)-binding ligands},
  author={Barbeau, K and Rue, EL and Bruland, Kenneth W and Butler, A},
  journal={Nature},
  volume={413},
  number={6854},
  pages={409--413},
  year={2001},
  publisher={Nature Publishing Group}
}

@article{hunter2007iron,
  title={Iron-binding ligands and their role in the ocean biogeochemistry of iron},
  author={Hunter, Keith A and Boyd, Philip W},
  journal={Environmental Chemistry},
  volume={4},
  number={4},
  pages={221--232},
  year={2007},
  publisher={CSIRO Publishing}
}

@article{fung2000iron,
  title={Iron supply and demand in the upper ocean},
  author={Fung, Inez Y and Meyn, Stephanie K and Tegen, Ina and Doney, Scott C and John, Jasmin G and Bishop, James KB},
  journal={Global Biogeochemical Cycles},
  volume={14},
  number={1},
  pages={281--295},
  year={2000},
  publisher={Wiley Online Library}
}

@article{parekh2004modeling,
  title={Modeling the global ocean iron cycle},
  author={Parekh, Payal and Follows, Michael J and Boyle, Edward},
  journal={Global biogeochemical cycles},
  volume={18},
  number={1},
  year={2004},
  publisher={Wiley Online Library}
}

@article{parekh2006physical,
  title={Physical and biological regulation of the soft tissue carbon pump},
  author={Parekh, Payal and Follows, Michael J and Dutkiewicz, Stephanie and Ito, Taka},
  journal={Paleoceanography},
  volume={21},
  number={3},
  year={2006},
  publisher={Wiley Online Library}
}

@article{moore2004upper,
  title={Upper ocean ecosystem dynamics and iron cycling in a global three-dimensional model},
  author={Moore, J Keith and Doney, Scott C and Lindsay, Keith},
  journal={Global Biogeochemical Cycles},
  volume={18},
  number={4},
  year={2004},
  publisher={Wiley Online Library}
}

@article{keith2006nitrogen,
  title={Nitrogen fixation amplifies the ocean biogeochemical response to decadal timescale variations in mineral dust deposition},
  author={Keith Moore, J and Doney, Scott C and Lindsay, Keith and Mahowald, Natalie and Michaels, Anthony F},
  journal={Tellus B: Chemical and Physical Meteorology},
  volume={58},
  number={5},
  pages={560--572},
  year={2006},
  publisher={Taylor \& Francis}
}

@article{weber2010utility,
  title={The utility of Earth system models of intermediate complexity (EMICs)},
  author={Weber, Susanne L},
  journal={Wiley Interdisciplinary Reviews: Climate Change},
  volume={1},
  number={2},
  pages={243--252},
  year={2010},
  publisher={Wiley Online Library}
}

@article{edwards2005uncertainties,
  title={Uncertainties due to transport-parameter sensitivity in an efficient 3-D ocean-climate model},
  author={Edwards, Neil R and Marsh, Robert},
  journal={Climate dynamics},
  volume={24},
  number={4},
  pages={415--433},
  year={2005},
  publisher={Springer}
}

@article{ridgwell2007marine,
  title={Marine geochemical data assimilation in an efficient Earth System Model of global biogeochemical cycling},
  author={Ridgwell, Andy and Hargreaves, JC and Edwards, Neil R and Annan, JD and Lenton, Timothy M and Marsh, Robert and Yool, Andrew and Watson, Andrew},
  journal={Biogeosciences},
  volume={4},
  number={1},
  pages={87--104},
  year={2007},
  publisher={Copernicus GmbH}
}

@article{cao2009role,
  title={The role of ocean transport in the uptake of anthropogenic CO 2},
  author={Cao, Long and Eby, Michael and Ridgwell, A and Caldeira, K and Archer, D and Ishida, Akio and Joos, Fortunat and Matsumoto, Katsumi and Mikolajewicz, Uwe and Mouchet, Anne and others},
  journal={Biogeosciences},
  volume={6},
  number={3},
  pages={375--390},
  year={2009},
  publisher={Copernicus GmbH}
}

@article{ridgwell2007marine,
  title={Marine geochemical data assimilation in an efficient Earth System Model of global biogeochemical cycling},
  author={Ridgwell, Andy and Hargreaves, JC and Edwards, Neil R and Annan, JD and Lenton, Timothy M and Marsh, Robert and Yool, Andrew and Watson, Andrew},
  journal={Biogeosciences},
  volume={4},
  number={1},
  pages={87--104},
  year={2007},
  publisher={Copernicus GmbH}
}

@book{redfield1934proportions,
  title={On the proportions of organic derivatives in sea water and their relation to the composition of plankton},
  author={Redfield, Alfred Clarence},
  volume={1},
  pages={176–192},
  year={1934},
  publisher={university press of liverpool Liverpool}
}

@article{redfield1963influence,
  title={The influence of organisms on the composition of seawater},
  author={Redfield, Alfred C},
  journal={The sea},
  volume={2},
  pages={26--77},
  year={1963},
  publisher={Wiley-Interscience}
}

@article{lambert2015dust,
  title={Dust fluxes and iron fertilization in Holocene and Last Glacial Maximum climates},
  author={Lambert, Fabrice and Tagliabue, Alessandro and Shaffer, Gary and Lamy, Frank and Winckler, Gisela and Farias, Laura and Gallardo, Laura and De Pol-Holz, Ricardo},
  journal={Geophysical Research Letters},
  volume={42},
  number={14},
  pages={6014--6023},
  year={2015},
  publisher={Wiley Online Library}
}

@article{lambert2021regional,
  title={Regional patterns and temporal evolution of ocean iron fertilization and CO2 drawdown during the last glacial termination},
  author={Lambert, Fabrice and Opazo, Natalia and Ridgwell, Andy and Winckler, Gisela and Lamy, Frank and Shaffer, Gary and Kohfeld, Karen and Ohgaito, Rumi and Albani, Samuel and Abe-Ouchi, Ayako},
  journal={Earth and Planetary Science Letters},
  volume={554},
  pages={116675},
  year={2021},
  publisher={Elsevier}
}

@article{albani2014improved,
  title={Improved dust representation in the Community Atmosphere Model},
  author={Albani, S and Mahowald, NM and Perry, AT and Scanza, RA and Zender, CS and Heavens, NG and Maggi, V and Kok, JF and Otto-Bliesner, BL},
  journal={Journal of Advances in Modeling Earth Systems},
  volume={6},
  number={3},
  pages={541--570},
  year={2014},
  publisher={Wiley Online Library}
}

@article{takemura2009simulation,
  title={A simulation of the global distribution and radiative forcing of soil dust aerosols at the Last Glacial Maximum},
  author={Takemura, T and Egashira, M and Matsuzawa, K and Ichijo, H and O'ishi, R and Abe-Ouchi, A},
  journal={Atmospheric Chemistry and Physics},
  volume={9},
  number={9},
  pages={3061--3073},
  year={2009},
  publisher={Copernicus GmbH}
}

@article{ohgaito2018effect,
  title={Effect of high dust amount on surface temperature during the Last Glacial Maximum: a modelling study using MIROC-ESM},
  author={Ohgaito, Rumi and Abe-Ouchi, Ayako and O'ishi, Ryouta and Takemura, Toshihiko and Ito, Akinori and Hajima, Tomohiro and Watanabe, Shingo and Kawamiya, Michio},
  journal={Climate of the Past},
  volume={14},
  number={11},
  pages={1565--1581},
  year={2018},
  publisher={Copernicus GmbH}
}

@article{sueyoshi2013set,
  title={Set-up of the PMIP3 paleoclimate experiments conducted using an Earth system model, MIROC-ESM},
  author={Sueyoshi, T and Ohgaito, R and Yamamoto, A and Chikamoto, MO and Hajima, T and Okajima, H and Yoshimori, M and Abe, M and O'ishi, R and Saito, F and others},
  journal={Geoscientific Model Development},
  volume={6},
  number={3},
  pages={819--836},
  year={2013},
  publisher={Copernicus GmbH}
}

@article{yukimoto2012new,
  title={A new global climate model of the Meteorological Research Institute: MRI-CGCM3—Model description and basic performance—},
  author={Yukimoto, Seiji and Adachi, Yukimasa and Hosaka, Masahiro and Sakami, Tomonori and Yoshimura, Hiromasa and Hirabara, Mikitoshi and Tanaka, Taichu Y and Shindo, Eiki and Tsujino, Hiroyuki and Deushi, Makoto and others},
  journal={Journal of the Meteorological Society of Japan. Ser. II},
  volume={90},
  pages={23--64},
  year={2012},
  publisher={Meteorological Society of Japan}
}

@article{mahowald2006change,
  title={Change in atmospheric mineral aerosols in response to climate: Last glacial period, preindustrial, modern, and doubled carbon dioxide climates},
  author={Mahowald, Natalie M and Muhs, Daniel R and Levis, Samuel and Rasch, Philip J and Yoshioka, Masaru and Zender, Charles S and Luo, Chao},
  journal={Journal of Geophysical Research: Atmospheres},
  volume={111},
  number={D10},
  year={2006},
  publisher={Wiley Online Library}
}

@article{wells1995iron,
  title={Iron chemistry in seawater and its relationship to phytoplankton: a workshop report},
  author={Wells, Mark L and Price, Neil M and Bruland, Kenneth W},
  journal={Marine Chemistry},
  volume={48},
  number={2},
  pages={157--182},
  year={1995},
  publisher={Elsevier}
}

@article{byrne2000iron,
  title={Iron hydrolysis and solubility revisited: observations and comments on iron hydrolysis characterizations},
  author={Byrne, RH and Luo, Y-R and Young, RW},
  journal={Marine Chemistry},
  volume={70},
  number={1-3},
  pages={23--35},
  year={2000},
  publisher={Elsevier}
}

@article{johnson1997controls,
  title={What controls dissolved iron concentrations in the world ocean?},
  author={Johnson, Kenneth S and Gordon, R Michael and Coale, Kenneth H},
  journal={Marine chemistry},
  volume={57},
  number={3-4},
  pages={137--161},
  year={1997},
  publisher={Elsevier}
}

@incollection{flato2014evaluation,
  title={Evaluation of climate models},
  author={Flato, Gregory and Marotzke, Jochem and Abiodun, Babatunde and Braconnot, Pascale and Chou, Sin Chan and Collins, William and Cox, Peter and Driouech, Fatima and Emori, Seita and Eyring, Veronika and others},
  booktitle={Climate change 2013: the physical science basis. Contribution of Working Group I to the Fifth Assessment Report of the Intergovernmental Panel on Climate Change},
  pages={741--866},
  year={2014},
  publisher={Cambridge University Press}
}

@article{van2021iron,
  title={Iron and sulfur cycling in the cGENIE. muffin Earth system model (v0. 9.21)},
  author={van de Velde, Sebastiaan J and H{\"u}lse, Dominik and Reinhard, Christopher T and Ridgwell, Andy},
  journal={Geoscientific Model Development},
  volume={14},
  number={5},
  pages={2713--2745},
  year={2021},
  publisher={Copernicus GmbH}
}